%%
%% А вот так оформляется библиография при помощи BibTeX.
%%
@article{Carreira2020,
  doi       = {10.1364/oe.391488},
  url       = {https://doi.org/10.1364/oe.391488},
  year      = {2020},
  month     = apr,
  publisher = {The Optical Society},
  volume    = {28},
  number    = {8},
  pages     = {12149},
  author    = {J. F. C. Carreira and E. Xie and R. Bian and J. Herrnsdorf and H. Haas and E. Gu and M. J. Strain and M. D. Dawson},
  title     = {Gigabit per second visible light communication based on {AlGaInP} red micro-{LED} micro-transfer printed onto diamond and glass},
  journal   = {Optics Express}
}

@article{Haas16,
  author    = {Harald Haas and Liang Yin and Yunlu Wang and Cheng Chen},
  journal   = {J. Lightwave Technol.},
  keywords  = {Optical networks; Optical wireless communication; Orthogonal frequency division multiple access; Phase modulation; Signal transmission; Visible light communications},
  number    = {6},
  pages     = {1533--1544},
  publisher = {OSA},
  title     = {What is LiFi?},
  volume    = {34},
  month     = {Mar},
  year      = {2016},
  url       = {http://jlt.osa.org/abstract.cfm?URI=jlt-34-6-1533}
}

@article{Cho2018,
  doi       = {10.1109/lwc.2018.2820709},
  url       = {https://doi.org/10.1109/lwc.2018.2820709},
  year      = {2018},
  month     = oct,
  publisher = {Institute of Electrical and Electronics Engineers ({IEEE})},
  volume    = {7},
  number    = {5},
  pages     = {768--771},
  author    = {Sunghwan Cho and Gaojie Chen and Justin P. Coon},
  title     = {Physical Layer Security in Visible Light Communication Systems With Randomly Located Colluding Eavesdroppers},
  journal   = {{IEEE} Wireless Communications Letters}
}